<?xml version="1.0" encoding="UTF-8"?><collection xmlns="http://www.loc.gov/MARC21/slim"><record><leader>00450nam--2200133-i-4500</leader><controlfield tag="001">000037944</controlfield><controlfield tag="002">20161230</controlfield><controlfield tag="005">20161230201041</controlfield><controlfield tag="008">060222s1000------------r-----000-0-eng-d</controlfield><datafield ind1=" " ind2=" " tag="080"><subfield code="a">550.3</subfield></datafield><datafield ind1=" " ind2=" " tag="100"><subfield code="a">Radulovic, Vasilije</subfield></datafield><datafield ind1=" " ind2=" " tag="245"><subfield code="a">Structural, seismic and engineering geological features of montenegro coastal and southern montenegro area . the excursion guide</subfield></datafield><datafield ind1=" " ind2=" " tag="260"><subfield code="a">Beograd, Koordnacioni Odbor Za Seizmologiju Sfrj.,1973. 24p</subfield></datafield><datafield ind1=" " ind2=" " tag="852"><subfield code="a">48077</subfield></datafield></record></collection>